%% This BibTeX bibliography file was created using BibDesk.
%% http://bibdesk.sourceforge.net/

%% Created for Jakob Borg at 2019-04-11 21:24:17 +0200 


%% Saved with string encoding Unicode (UTF-8) 



@book{Actual_sun,
	Author = {Sean G. Ryan and Andrew J. Norton},
	Date-Added = {2019-04-11 21:17:36 +0200},
	Date-Modified = {2019-04-11 21:24:17 +0200},
	Note = {Additional resources at: \\www.cambridge.org/9780521132203},
	Publisher = {Cambridge University Press},
	Title = {Stellar Evolution and Nucleosynthesis},
	Year = {2010}}

@unpublished{Project1,
	Author = {Jakob Borg},
	Date-Added = {2019-04-09 16:38:24 +0200},
	Date-Modified = {2019-04-09 16:39:39 +0200},
	Month = {March},
	Note = {Unpublished, Project 1 paper},
	Title = {Modeling a Stellar Core},
	Year = {2019}}
