%% This BibTeX bibliography file was created using BibDesk.
%% http://bibdesk.sourceforge.net/

%% Created for Jakob Borg at 2019-05-14 18:05:55 +0200 


%% Saved with string encoding Unicode (UTF-8) 



@misc{user_guide,
	Author = {Lars Frogner},
	Date-Added = {2019-05-14 18:03:08 +0200},
	Date-Modified = {2019-05-14 18:05:55 +0200},
	Month = {May},
	Note = {Last checked 13.05.2019},
	Title = {Github repository for Visualiser module},
	Url = {https://github.com/lars-frogner/FVis},
	Year = {2018}}

@misc{roll_docs,
	Author = {Travis E. Oliphant},
	Date-Added = {2019-05-13 15:45:59 +0200},
	Date-Modified = {2019-05-13 16:16:05 +0200},
	Month = {January},
	Note = {Last checked 13.05.2019},
	Title = {Numpy.roll() Documentation},
	Url = {https://docs.scipy.org/doc/numpy/reference/index.html},
	Year = {2019}}
